@misc{ wikilatex,
   author = "Wikibooks",
   title = "LaTeX --- Wikibooks{,} The Free Textbook Project",
   year = "2019",
   url = "https://en.wikibooks.org/w/index.php?title=LaTeX&oldid=3527944",
   note = "[Online; accessed 23-June-2019]"
 }
@misc{ wiki:fermat,
    author = "{Wikipedia contributors}",
    title = "Fermat's Last Theorem --- {Wikipedia}{,} The Free Encyclopedia",
    year = "2019",
    howpublished = "https://en.wikipedia.org/w/index.php?title=Fermat%27s_Last_Theorem&oldid=901535807",
    note = "[Online; accessed 23-June-2019]"
  }
  @INPROCEEDINGS{imagenet,
  author={J. {Deng} and W. {Dong} and R. {Socher} and L. {Li} and  {Kai Li} and  {Li Fei-Fei}},
  booktitle={2009 IEEE Conference on Computer Vision and Pattern Recognition}, 
  title={ImageNet: A large-scale hierarchical image database}, 
  year={2009},
  volume={},
  number={},
  pages={248-255},}
@INPROCEEDINGS{bohra,
  author={Bohra, Arushi and Sethi, Laksh and Nag, Karthik and Kanwal, Preet},
  booktitle={2022 IEEE 7th International conference for Convergence in Technology (I2CT)}, 
  title={Smart Story Telling Model with Emotion-Based Enunciation and an Interactive Query Resolver}, 
  year={2022},
  volume={},
  number={},
  pages={1-4},
  doi={10.1109/I2CT54291.2022.9825363}}
