@misc{ wiki:latex,
   author = "Wikibooks",
   title = "LaTeX --- Wikibooks{,} The Free Textbook Project",
   year = "2019",
   url = "https://en.wikibooks.org/w/index.php?title=LaTeX&oldid=3527944",
   note = "[Online; accessed 23-June-2019]"
 }
@misc{ wiki:fermat,
    author = "{Wikipedia contributors}",
    title = "Fermat's Last Theorem --- {Wikipedia}{,} The Free Encyclopedia",
    year = "2019",
    howpublished = "https://en.wikipedia.org/w/index.php?title=Fermat%27s_Last_Theorem&oldid=901535807",
    note = "[Online; accessed 23-June-2019]"
  }